{"e":"depthUpdate","E":1740721634002,"s":"BNBBTC","U":3839399178,"u":3839399212,"b":[["0.00715600","0.61600000"],["0.00715500","3.60100000"],["0.00715300","1.96000000"],["0.00715200","7.21300000"],["0.00715100","6.28600000"],["0.00714500","6.01400000"],["0.00714300","8.97200000"],["0.00713900","13.33900000"],["0.00712700","8.46800000"],["0.00712100","6.04400000"],["0.00711800","101.85700000"],["0.00710100","6.47600000"],["0.00709800","37.15900000"]],"a":[["0.00715700","5.60700000"],["0.00715800","3.58200000"],["0.00716100","33.20700000"],["0.00716200","83.07100000"],["0.00716400","11.96200000"],["0.00716500","1.96200000"],["0.00719100","105.87900000"],["0.00719700","5.91600000"]]}
{"e":"depthUpdate","E":1740721635002,"s":"BNBBTC","U":3839399213,"u":3839399218,"b":[["0.00715600","0.21100000"],["0.00715100","9.88700000"]],"a":[]}
{"e":"depthUpdate","E":1740721636002,"s":"BNBBTC","U":3839399219,"u":3839399225,"b":[["0.00715600","0.21100000"],["0.00702100","3.65600000"]],"a":[]}
{"e":"depthUpdate","E":1740721637002,"s":"BNBBTC","U":3839399226,"u":3839399230,"b":[["0.00715600","0.18900000"]],"a":[["0.00716100","33.22900000"]]}
{"e":"depthUpdate","E":1740721638002,"s":"BNBBTC","U":3839399231,"u":3839399245,"b":[["0.00715600","3.33300000"],["0.00715500","2.50900000"],["0.00715200","7.48500000"],["0.00711100","5.95700000"],["0.00702400","0.33100000"]],"a":[["0.00715700","3.02300000"],["0.00716200","79.72200000"],["0.00718200","2.39300000"]]}
{"e":"depthUpdate","E":1740721639002,"s":"BNBBTC","U":3839399246,"u":3839399251,"b":[],"a":[["0.00715700","3.02300000"],["0.00716200","78.80200000"],["0.00716400","12.88200000"]]}
{"e":"depthUpdate","E":1740721640002,"s":"BNBBTC","U":3839399252,"u":3839399317,"b":[["0.00715800","0.00000000"],["0.00715700","4.95900000"],["0.00715600","4.13000000"],["0.00715300","4.06700000"],["0.00715200","7.48500000"],["0.00715100","9.61500000"],["0.00714500","7.32100000"],["0.00714100","10.75500000"],["0.00713100","5.65000000"],["0.00713000","1.49600000"],["0.00712900","5.76900000"]],"a":[["0.00715700","0.00000000"],["0.00715800","2.96300000"],["0.00715900","1.45400000"],["0.00716000","7.54100000"],["0.00716400","16.23100000"],["0.00716900","6.99400000"],["0.00719100","5.87900000"],["0.00719400","100.57400000"]]}
{"e":"depthUpdate","E":1740721641002,"s":"BNBBTC","U":3839399318,"u":3839399332,"b":[["0.00715700","3.09700000"],["0.00715400","1.96000000"],["0.00713100","6.05500000"]],"a":[["0.00715800","2.15300000"],["0.00715900","2.76100000"],["0.00716100","33.41800000"]]}
{"e":"depthUpdate","E":1740721642002,"s":"BNBBTC","U":3839399333,"u":3839399342,"b":[["0.00715700","5.56600000"],["0.00715600","2.81100000"],["0.00715400","2.50800000"]],"a":[["0.00715900","2.62900000"],["0.00716200","68.80200000"],["0.00716400","14.67900000"],["0.00716900","7.54200000"],["0.00717800","14.02100000"]]}
{"e":"depthUpdate","E":1740721643002,"s":"BNBBTC","U":3839399343,"u":3839399366,"b":[["0.00715800","2.58600000"],["0.00715700","3.27900000"],["0.00715400","8.04300000"],["0.00715200","7.21300000"],["0.00713100","5.65000000"]],"a":[["0.00715800","0.00000000"],["0.00715900","4.57300000"],["0.00716000","5.88400000"],["0.00716100","33.06700000"],["0.00716200","69.15200000"],["0.00716400","13.75900000"],["0.00716600","11.57500000"],["0.00718500","6.53800000"]]}
